<?xml version="1.0" encoding="utf-8"?>
<record>
  <leader>01213cam a2200313 i 4500</leader>
  <controlfield tag="005">20200803151421.0</controlfield>
  <controlfield tag="008">760831s1976    nyu           000 0aeng  </controlfield>
  <controlfield tag="001">9912345673506421</controlfield>
  <datafield tag="010" ind1=" " ind2=" ">
    <subfield code="a">   76042228 //r982 </subfield>
  </datafield>
  <datafield tag="019" ind1=" " ind2=" ">
    <subfield code="a">4044515</subfield>
  </datafield>
  <datafield tag="020" ind1=" " ind2=" ">
    <subfield code="a">0374312567</subfield>
    <subfield code="0">(uri) http://www.isbnsearch.org/isbn/0374312567</subfield>
  </datafield>
  <datafield tag="035" ind1=" " ind2=" ">
    <subfield code="a">(OCoLC)ocm02439517</subfield>
    <subfield code="0">(uri) http://www.worldcat.org/oclc/02439517</subfield>
  </datafield>
  <datafield tag="035" ind1=" " ind2=" ">
    <subfield code="9">CDM6467TS</subfield>
  </datafield>
  <datafield tag="035" ind1=" " ind2=" ">
    <subfield code="a">1234567</subfield>
  </datafield>
  <datafield tag="035" ind1=" " ind2=" ">
    <subfield code="a">(NjP)1234567-princetondb</subfield>
  </datafield>
  <datafield tag="035" ind1=" " ind2=" ">
    <subfield code="z">(OCoLC)4044515</subfield>
    <subfield code="0">(uri) http://www.worldcat.org/oclc/4044515</subfield>
  </datafield>
  <datafield tag="040" ind1=" " ind2=" ">
    <subfield code="a">DLC</subfield>
    <subfield code="c">DLC</subfield>
    <subfield code="d">PUL</subfield>
  </datafield>
  <datafield tag="050" ind1="0" ind2="0">
    <subfield code="a">PR6017.S5</subfield>
    <subfield code="b">Z498</subfield>
  </datafield>
  <datafield tag="051" ind1=" " ind2=" ">
    <subfield code="a">PR6017.S5</subfield>
    <subfield code="b">Z498 Copy 2</subfield>
    <subfield code="c">Copy 2.</subfield>
  </datafield>
  <datafield tag="051" ind1=" " ind2=" ">
    <subfield code="a">PR6017.S5</subfield>
    <subfield code="b">Z498 Copy 4</subfield>
    <subfield code="c">Copy 4. Signed by the author. In dust jacket. Bequest of Aaron Copland, fall 1989.</subfield>
  </datafield>
  <datafield tag="082" ind1="0" ind2="0">
    <subfield code="a">823/.9/12</subfield>
    <subfield code="a">B</subfield>
  </datafield>
  <datafield tag="100" ind1="1" ind2=" ">
    <subfield code="a">Isherwood, Christopher,</subfield>
    <subfield code="d">1904-1986.</subfield>
    <subfield code="0">http://id.loc.gov/authorities/names/n79073501</subfield>
  </datafield>
  <datafield tag="245" ind1="1" ind2="0">
    <subfield code="a">Christopher and his kind, 1929-1939 /</subfield>
    <subfield code="c">Christopher Isherwood.</subfield>
  </datafield>
  <datafield tag="250" ind1=" " ind2=" ">
    <subfield code="a">1st ed.</subfield>
  </datafield>
  <datafield tag="260" ind1=" " ind2=" ">
    <subfield code="a">New York :</subfield>
    <subfield code="b">Farrar, Straus Giroux,</subfield>
    <subfield code="c">1976.</subfield>
  </datafield>
  <datafield tag="300" ind1=" " ind2=" ">
    <subfield code="a">339 p. ;</subfield>
    <subfield code="c">22 cm.</subfield>
  </datafield>
  <datafield tag="600" ind1="1" ind2="0">
    <subfield code="a">Isherwood, Christopher,</subfield>
    <subfield code="d">1904-1986.</subfield>
    <subfield code="0">http://id.loc.gov/authorities/names/n79073501</subfield>
  </datafield>
  <datafield tag="650" ind1=" " ind2="0">
    <subfield code="a">Authors, English</subfield>
    <subfield code="y">20th century</subfield>
    <subfield code="v">Biography.</subfield>
    <subfield code="0">http://id.loc.gov/authorities/subjects/sh2007101063</subfield>
  </datafield>
  <datafield tag="700" ind1="1" ind2=" ">
    <subfield code="a">Copland, Aaron,</subfield>
    <subfield code="d">1900-1990,</subfield>
    <subfield code="e">donor.</subfield>
    <subfield code="0">http://id.loc.gov/authorities/names/n79089419</subfield>
  </datafield>
  <datafield tag="947" ind1=" " ind2=" ">
    <subfield code="a">CDM6467</subfield>
  </datafield>
  <datafield tag="911" ind1=" " ind2=" ">
    <subfield code="a">19990626</subfield>
  </datafield>
  <datafield tag="950" ind1=" " ind2=" ">
    <subfield code="b">2020-12-02 07:34:15 US/Eastern</subfield>
    <subfield code="a">false</subfield>
  </datafield>
  <datafield tag="852" ind1="0" ind2=" ">
    <subfield code="b">firestone</subfield>
    <subfield code="c">stacks</subfield>
    <subfield code="h">PR6017.S5</subfield>
    <subfield code="i">Z498</subfield>
    <subfield code="8">2282881500006421</subfield>
  </datafield>
  <datafield tag="952" ind1=" " ind2=" ">
    <subfield code="a">2020-12-02 12:34:15</subfield>
    <subfield code="8">2282881500006421</subfield>
    <subfield code="b">Firestone Library</subfield>
    <subfield code="c">stacks: Firestone Library</subfield>
    <subfield code="e">false</subfield>
  </datafield>
  <datafield tag="852" ind1="0" ind2="0">
    <subfield code="b">firestone</subfield>
    <subfield code="c">stacks</subfield>
    <subfield code="h">PR6017.S5</subfield>
    <subfield code="i">Z498</subfield>
    <subfield code="8">2282881520006421</subfield>
  </datafield>
  <datafield tag="952" ind1=" " ind2=" ">
    <subfield code="a">2020-12-02 12:34:15</subfield>
    <subfield code="8">2282881520006421</subfield>
    <subfield code="b">Firestone Library</subfield>
    <subfield code="c">stacks: Firestone Library</subfield>
    <subfield code="e">false</subfield>
  </datafield>
  <datafield tag="876" ind1=" " ind2=" ">
    <subfield code="0">2282881500006421</subfield>
    <subfield code="a">2382881490006421</subfield>
    <subfield code="j">1</subfield>
    <subfield code="d">2020-12-02 12:34:15</subfield>
    <subfield code="p">32101072966698</subfield>
    <subfield code="t">2</subfield>
  </datafield>
  <datafield tag="876" ind1=" " ind2=" ">
    <subfield code="0">2282881520006421</subfield>
    <subfield code="a">2382881510006421</subfield>
    <subfield code="j">0</subfield>
    <subfield code="d">2020-12-02 12:34:15</subfield>
    <subfield code="p">32101004147094</subfield>
    <subfield code="t">1</subfield>
  </datafield>
</record>
